@article{Andrieu2008,
year={2008},
issn={0960-3174},
journal={Statistics and Computing},
volume={18},
number={4},
doi={10.1007/s11222-008-9110-y},
title={A tutorial on adaptive MCMC},
url={http://dx.doi.org/10.1007/s11222-008-9110-y},
publisher={Springer US},
keywords={MCMC; Adaptive MCMC; Controlled Markov chain; Stochastic approximation},
author={Andrieu, Christophe and Thoms, Johannes},
pages={343-373},
language={English}
}

@article{Ricker1954,
author = {W. E. Ricker},
title = {Stock and Recruitment},
journal = {Journal of the Fisheries Research Board of Canada},
volume = {11},
number = {5},
pages = {559-623},
year = {1954},
doi = {10.1139/f54-039},
URL = {http://dx.doi.org/10.1139/f54-039},
eprint = {http://dx.doi.org/10.1139/f54-039}
}
